<record><leader>00000cas a22000007a 4500</leader><controlfield tag="001">10919301</controlfield><controlfield tag="008">840705d18821915vauwr ne      0    0eng d</controlfield><datafield ind1=" " ind2=" " tag="010"><subfield code="a">sn 84024619 </subfield></datafield><datafield ind1=" " ind2=" " tag="040"><subfield code="a">NPV</subfield><subfield code="b">eng</subfield><subfield code="c">NPV</subfield><subfield code="d">NPY</subfield><subfield code="d">NVK</subfield><subfield code="d">OCLCQ</subfield><subfield code="d">OCLCF</subfield><subfield code="d">OCLCO</subfield></datafield><datafield ind1="1" ind2=" " tag="029"><subfield code="a">AU@</subfield><subfield code="b">000020335478</subfield></datafield><datafield ind1=" " ind2=" " tag="042"><subfield code="a">msc</subfield></datafield><datafield ind1=" " ind2=" " tag="043"><subfield code="a">n-us-va</subfield></datafield><datafield ind1="0" ind2="0" tag="245"><subfield code="a">Warrenton Virginian.</subfield></datafield><datafield ind1=" " ind2=" " tag="260"><subfield code="a">Warrenton, Va. :</subfield><subfield code="b">Wm. C. Marshall</subfield></datafield><datafield ind1=" " ind2=" " tag="300"><subfield code="a">v.</subfield></datafield><datafield ind1=" " ind2=" " tag="310"><subfield code="a">Weekly</subfield></datafield><datafield ind1="1" ind2=" " tag="362"><subfield code="a">Began in 1882; ceased in 1915.</subfield><subfield code="z">Cf. Cappon, . L.J. Va. newspapers.</subfield></datafield><datafield ind1=" " ind2=" " tag="500"><subfield code="a">Publisher: &lt;Oct. 17, 1889&gt;-&lt;Oct. 12, 1905&gt; W.C. Marshall &amp; Co.</subfield></datafield><datafield ind1=" " ind2=" " tag="500"><subfield code="a">Editor: 1882-1909, W.C. Marshall.--1909-1910, F.L. Poindexter.--1910-1911, W.C. Marshall.--1911-Dec. 1913, T.S. Vance. Cf. Cappon, L.J. Va. newspapers.</subfield></datafield><datafield ind1=" " ind2=" " tag="588"><subfield code="a">Description based on: Vol. 7, no. 50 (May 15, 1884).</subfield></datafield><datafield ind1=" " ind2="0" tag="651"><subfield code="a">Warrenton (Va.)</subfield><subfield code="v">Newspapers.</subfield></datafield><datafield ind1=" " ind2="7" tag="655"><subfield code="a">Newspapers.</subfield><subfield code="2">fast</subfield><subfield code="0">(OCoLC)fst01423814</subfield></datafield><datafield ind1=" " ind2="7" tag="651"><subfield code="a">Virginia</subfield><subfield code="z">Warrenton.</subfield><subfield code="2">fast</subfield><subfield code="0">(OCoLC)fst01206279</subfield></datafield><datafield ind1=" " ind2=" " tag="752"><subfield code="a">United States</subfield><subfield code="b">Virginia</subfield><subfield code="c">Fauquier</subfield><subfield code="d">Warrenton.</subfield></datafield><datafield ind1="0" ind2="0" tag="780"><subfield code="t">Solid South (Warrenton, Va.)</subfield><subfield code="w">(DLC)sn 84024629</subfield></datafield><datafield ind1="0" ind2="0" tag="785"><subfield code="t">Warrenton times</subfield><subfield code="w">(DLC)sn 84024620</subfield></datafield></record>